<?xml version="1.0" encoding="UTF-8"?>
<record xmlns="http://www.loc.gov/MARC21/slim" xmlns:xsi="http://www.w3.org/2001/XMLSchema-instance" xsi:schemaLocation="http://www.loc.gov/MARC21/slim http://www.loc.gov/standards/marcxml/schema/MARC21slim.xsd">
<leader>00000cam a22      i 4500</leader>
<controlfield tag="001">001678394</controlfield>
<controlfield tag="003">NNU</controlfield>
<controlfield tag="005">20151014173558.0</controlfield>
<controlfield tag="008">900926q19501998ua       b    000 0 arar</controlfield>
<datafield tag="010" ind1=" " ind2=" ">
<subfield code="a">ne 64002889</subfield>
</datafield>
<datafield tag="035" ind1=" " ind2=" ">
<subfield code="a">(OCoLC)22694033</subfield>
</datafield>
<datafield tag="040" ind1=" " ind2=" ">
<subfield code="a">DLC</subfield>
<subfield code="b">eng</subfield>
<subfield code="c">DRB</subfield>
<subfield code="d">OCLCG</subfield>
<subfield code="d">OCLCQ</subfield>
<subfield code="d">MEAUC</subfield>
<subfield code="d">OCLCF</subfield>
<subfield code="d">NNU</subfield>
</datafield>
<datafield tag="050" ind1=" " ind2="4">
<subfield code="a">CB425</subfield>
<subfield code="b">.A6 1950</subfield>
</datafield>
<datafield tag="100" ind1="1" ind2=" ">
<subfield code="6">880-01</subfield>
<subfield code="a">ʻAqqād, ʻAbbās Maḥmūd,</subfield>
<subfield code="d">1889-1964,</subfield>
<subfield code="e">author.</subfield>
</datafield>
<datafield tag="245" ind1="1" ind2="3">
<subfield code="6">880-02</subfield>
<subfield code="a">al-Qarn al-ʻishrūn :</subfield>
<subfield code="b">mā kāna wa-mā sa-yakūn /</subfield>
<subfield code="c">bi-qalam ʻAbbās Maḥmūd al-ʻAqqād.</subfield>
</datafield>
<datafield tag="246" ind1="1" ind2="3">
<subfield code="a">Twentieth century</subfield>
</datafield>
<datafield tag="264" ind1=" " ind2="1">
<subfield code="6">880-03</subfield>
<subfield code="a">[al-Qāhirah] :</subfield>
<subfield code="b">Maktabat al-Anjlū al-Miṣrīyah,</subfield>
<subfield code="c">[195-]</subfield>
</datafield>
<datafield tag="300" ind1=" " ind2=" ">
<subfield code="a">232 pages ;</subfield>
<subfield code="c">24 cm</subfield>
</datafield>
<datafield tag="336" ind1=" " ind2=" ">
<subfield code="a">text</subfield>
<subfield code="b">txt</subfield>
<subfield code="2">rdacontent</subfield>
</datafield>
<datafield tag="337" ind1=" " ind2=" ">
<subfield code="a">unmediated</subfield>
<subfield code="b">n</subfield>
<subfield code="2">rdamedia</subfield>
</datafield>
<datafield tag="338" ind1=" " ind2=" ">
<subfield code="a">volume</subfield>
<subfield code="b">nc</subfield>
<subfield code="2">rdacarrier</subfield>
</datafield>
<datafield tag="500" ind1=" " ind2=" ">
<subfield code="a">Title on t.p. verso: The Twentieth century.</subfield>
</datafield>
<datafield tag="500" ind1=" " ind2=" ">
<subfield code="a">:This book ... is in part original writing in the Arabic language, and in part is based on The next hundred years by Harrison Brown, James Bonner and John Weir; and The Twentieth century by Hans Kohn"--Title page verso.</subfield>
</datafield>
<datafield tag="500" ind1=" " ind2=" ">
<subfield code="6">880-04</subfield>
<subfield code="a">Nushira hadhā al-kitāb bi-al-ishtirāk maʻa Muʼassasat Frānklīn lil-Ṭibāʻah wa-al-Nashr.</subfield>
</datafield>
<datafield tag="650" ind1=" " ind2="0">
<subfield code="a">Twentieth century</subfield>
<subfield code="v">Forecasts.</subfield>
</datafield>
<datafield tag="650" ind1=" " ind2="0">
<subfield code="a">Civilization, Arab.</subfield>
</datafield>
<datafield tag="650" ind1=" " ind2="7">
<subfield code="a">Civilization, Arab.</subfield>
<subfield code="2">fast</subfield>
<subfield code="0">(OCoLC)fst00862967.</subfield>
</datafield>
<datafield tag="650" ind1=" " ind2="7">
<subfield code="a">Twentieth century.</subfield>
<subfield code="2">fast</subfield>
<subfield code="0">(OCoLC)fst01159810.</subfield>
</datafield>
<datafield tag="655" ind1=" " ind2="7">
<subfield code="a">Forecasts.</subfield>
<subfield code="2">fast</subfield>
<subfield code="0">(OCoLC)fst01424052.</subfield>
</datafield>
<datafield tag="880" ind1="1" ind2=" ">
<subfield code="6">100-01/</subfield>
<subfield code="a">عقاد، عباس محمود،</subfield>
<subfield code="d">1889-1964.</subfield>
</datafield>
<datafield tag="880" ind1="1" ind2="2">
<subfield code="6">245-02/</subfield>
<subfield code="a">القرن العشرون :</subfield>
<subfield code="b">ما كان وما سيكون /</subfield>
<subfield code="c">بقلم عباس محمود العقاد.</subfield>
</datafield>
<datafield tag="880" ind1=" " ind2="1">
<subfield code="6">264-03/</subfield>
<subfield code="a">[القاهرة] :</subfield>
<subfield code="b">مكتبة الأنجلو المصرية،</subfield>
<subfield code="c">[195-]</subfield>
</datafield>
<datafield tag="880" ind1=" " ind2=" ">
<subfield code="6">500-04/</subfield>
<subfield code="a">نشر هذا الكتاب بالإشتراك مع مؤسسة فرانكلين للطباعة والنشر.</subfield>
</datafield>
<datafield tag="OWN" ind1=" " ind2=" ">
<subfield code="a">GENERAL</subfield>
</datafield>
<datafield tag="AVA" ind1=" " ind2=" ">
<subfield code="a">NYU50</subfield>
<subfield code="b">BOBST</subfield>
<subfield code="c">Main Collection</subfield>
<subfield code="d">CB425 .A65</subfield>
<subfield code="e">unavailable</subfield>
<subfield code="t">Unavailable</subfield>
<subfield code="f">1</subfield>
<subfield code="g">1</subfield>
<subfield code="h">N</subfield>
<subfield code="i">0</subfield>
<subfield code="j">MAIN</subfield>
<subfield code="k">0</subfield>
</datafield>
</record>
